<?xml version="1.0" encoding="UTF-8"?><collection xmlns="http://www.loc.gov/MARC21/slim"><record><leader>00658nam--2200205-u-4500</leader><controlfield tag="001">000053076</controlfield><controlfield tag="002">20161230</controlfield><controlfield tag="005">20161230201050</controlfield><controlfield tag="008">110105s1000------------r-----000-0-eng-d</controlfield><datafield ind1=" " ind2=" " tag="020"><subfield code="a">9789738323421</subfield></datafield><datafield ind1=" " ind2=" " tag="040"><subfield code="a">IFIN-HH</subfield></datafield><datafield ind1=" " ind2=" " tag="080"><subfield code="a">(539.24:001.2):53.06</subfield></datafield><datafield ind1="1" ind2=" " tag="100"><subfield code="a">Fara, Laurentiu</subfield></datafield><datafield ind1="1" ind2="0" tag="245"><subfield code="a">Bazele fizice ale nanotehnologiilor</subfield><subfield code="b">Aplicatii si perspective</subfield><subfield code="c">Laurentiu fara (coord.); vladimir iancu; mihai razvan mitroi; emil nistor</subfield></datafield><datafield ind1=" " ind2=" " tag="260"><subfield code="a">Bucuresti</subfield><subfield code="b">Editura Punct</subfield><subfield code="c">2007</subfield></datafield><datafield ind1=" " ind2=" " tag="300"><subfield code="a">218P</subfield></datafield><datafield ind1=" " ind2=" " tag="490"><subfield code="a">Nanotehnologiile Li Provocarile Dezvoltarii Durabile</subfield></datafield><datafield ind1="1" ind2=" " tag="700"><subfield code="a">Nistor, Emil</subfield></datafield><datafield ind1=" " ind2=" " tag="852"><subfield code="a">82092</subfield><subfield code="c">001.2</subfield></datafield><datafield ind1=" " ind2=" " tag="CAT"><subfield code="a">Sys</subfield><subfield code="c">20110105</subfield><subfield code="h">094411</subfield></datafield></record></collection>